<collection xmlns="http://www.loc.gov/MARC21/slim">
<record>
  <leader>01113nam0a22001451i 450 </leader>
  <controlfield tag="001">IT\ICCU\CNCE\070858</controlfield>
  <controlfield tag="005">20070903000000.0</controlfield>
  <datafield tag="100" ind1=" " ind2=" ">
    <subfield code="a">20070606f1600        0itac0103    ba</subfield>
  </datafield>
  <datafield tag="101" ind1=" " ind2=" ">
    <subfield code="a">LAT</subfield>
  </datafield>
  <datafield tag="102" ind1=" " ind2=" ">
    <subfield code="a">IT</subfield>
  </datafield>
  <datafield tag="200" ind1="1" ind2=" ">
    <subfield code="a">℗Jacobi Pignatelli ... ℗Consultationum canonicarum tomus primus  -decimus!, in quo praecipuae controversiae de iis, quae ad sanctorum canonizationem, ac sacros ritus; ad sac. Concilium Tridentinum; ad episcopos, &amp; regulares; ad immunitatem,libertatem, jurisdictionem ecclesiasticam, ac huiusmodi alia potissimum pertinent ; non solum ex utroque jure scripto, sed etiam ex Sacrorum Congregationum decretis, rebus judicatis, placitis, atque consultis, ex prudentum responsis ex moribus receptis, breviter ac perspicue dirimuntur. Opus omnibus utriusque fori judicibus, juriconsultis ac politici studii mystis, in primisque summorum Pontificum, &amp; Rerumpublicanarum consiliariis, et advocatis utile plane ac necessarium. Cum duplici indice, altero Consultationum, altero</subfield>
  </datafield>
  <datafield tag="210" ind1=" " ind2=" ">
    <subfield code="d">xx</subfield>
  </datafield>
  <datafield tag="215" ind1=" " ind2=" ">
    <subfield code="a">xx</subfield>
  </datafield>
  <datafield tag="300" ind1=" " ind2=" ">
    <subfield code="a">ANNULLATA  !!!!!  Giacomo Pignatelli  ̈nato nel 1625 !!!!!!</subfield>
  </datafield>
  <datafield tag="801" ind1=" " ind2="3">
    <subfield code="a">IT</subfield>
    <subfield code="b">ICCU</subfield>
    <subfield code="c">20201115</subfield>
  </datafield>
</record>
</collection>
